#FLAGGA 0
#PROGRAM "BL Administration" 2023.1.106
#FORMAT PC8
#GEN 20260419 "1 *"
#SIETYP 4
#FNR "1"
#ORGNR 998877-9876
#FNAMN "Test HB"
#FTYP HB
#RAR 0 20250101 20251231
#RAR -1 20240101 20241231
#TAXAR 2026
#KPTYP EUBAS97
#KONTO 1070 "Goodwill"
#KONTO 1079 "Ack avskrivning goodwill"
#KONTO 1110 "Byggnader"
#KONTO 1119 "Ackumulerade avskrivningar p† byggnader"
#KONTO 1220 "Inventarier och verktyg"
#KONTO 1229 "Ack avskr p† inventarier o verktyg"
#KONTO 1240 "Bilar och andra transportmedel"
#KONTO 1249 "Ack avskr p† bilar och andra trpt.medel"
#KONTO 1350 "Aktier, andelar och v„rdep i andra ftg"
#KONTO 1380 "Andra l†ngfristiga fordringar"
#KONTO 1383 "L„mnade depositioner"
#KONTO 1410 "Lager av r†varor"
#KONTO 1470 "P†g†ende arbeten"
#KONTO 1510 "Kundfordringar"
#KONTO 1610 "Fordringar hos anst„llda"
#KONTO 1630 "Avr„kning skatter & avg."
#KONTO 1650 "Fordran moms"
#KONTO 1680 "Andra kortfristiga fordringar"
#KONTO 1710 "F”rutbetalda hyreskostnader"
#KONTO 1720 "F”rutbetalda leasingavgifter"
#KONTO 1730 "F”rutbetalda f”rs„kringspremier"
#KONTO 1740 "F”rutbetalda r„ntekostnader"
#KONTO 1760 "Upplupna r„nteint„kter"
#KONTO 1790 "™vr f”rutbetalda kostn och upplupna int"
#KONTO 1900 "Observationskonto"
#KONTO 1910 "Kassa"
#KONTO 1920 "Postgiro"
#KONTO 1921 "Paypal"
#KONTO 1925 "Paypal"
#KONTO 1930 "Checkr„kningskonto"
#KONTO 1940 "Sparkonto Collector"
#KONTO 2010 "Eget kapital - Louise"
#KONTO 2011 "Eget kapital - Per"
#KONTO 2013 "Eget uttag - Louise"
#KONTO 2014 "Eget uttag - Per"
#KONTO 2015 "Pension - Louise"
#KONTO 2016 "Pension - Per"
#KONTO 2017 "Egen ins„ttning - Louise"
#KONTO 2018 "Egen ins„ttning - Per"
#KONTO 2019 "Redovisat resultat"
#KONTO 2150 "Ackumulerade ”veravskrivningar"
#KONTO 2330 "Checkr„kningskredit"
#KONTO 2340 "Byggnadskreditiv"
#KONTO 2350 "Andra skulder till kreditinstitut"
#KONTO 2355 "L†n i utl„ndsk valuta till kreditinst"
#KONTO 2390 "™vriga l†ngfristiga skulder"
#KONTO 2420 "F”rskott fr†n kunder"
#KONTO 2440 "Leverant”rsskulder"
#KONTO 2490 "™vr kortfr skulder till kreditinst"
#KONTO 2610 "Utg†ende moms, 25 %"
#KONTO 2611 "Utg moms f”rs„ljning 25% sv"
#KONTO 2614 "Utg moms omv„nd skattskyldighet, 25 %"
#KONTO 2615 "Utg†ende moms import av varor, 25 %"
#KONTO 2620 "Utg†ende moms, 12 %"
#KONTO 2630 "Utg†ende moms, 6 %"
#KONTO 2631 "Utg moms f”rs„ljning 6% sv"
#KONTO 2634 "Utg. moms omv„nd skattskyldighet, 6%"
#KONTO 2640 "Ing†ende moms"
#KONTO 2641 "Ing†ende moms"
#KONTO 2644 "Ing†ende moms omv„nd skattskyldighet"
#KONTO 2645 "Ing†ende moms omv„nd skattskyldighet"
#KONTO 2650 "Moms redovisningskonto"
#KONTO 2660 "S„rskilda punktskatter"
#KONTO 2710 "Personalskatt"
#KONTO 2730 "Lagst soc avg och s„rskild l”neskatt"
#KONTO 2760 "Semestermedel"
#KONTO 2794 "Fackf”reningsavgifter"
#KONTO 2810 "Avr„kning f”r factoring"
#KONTO 2820 "Skulder till anst„llda"
#KONTO 2840 "Kortfristiga l†neskulder"
#KONTO 2890 "™vriga kortfristiga skulder"
#KONTO 2910 "Upplupna l”ner"
#KONTO 2920 "Upplupna semesterl”ner"
#KONTO 2941 "Ber„knade uppl lagstadgade sociala avg"
#KONTO 2942 "Ber„knad upplupen l”neskatt f”r l”ner"
#KONTO 2960 "Upplupna r„ntekostnader"
#KONTO 2980 "Upplupna avtalskostnader"
#KONTO 2990 "™vr interimsskulder"
#KONTO 2999 "OBS-konto"
#KONTO 3010 "F”rs„ljning"
#KONTO 3041 "F”rs„ljn tj„nst 25% sv"
#KONTO 3043 "F”rs„ljn tj„nst 6% sv"
#KONTO 3051 "F”rs„ljn varor 25% sv"
#KONTO 3053 "F”rs„ljn varor 6% sv"
#KONTO 3105 "F”rs„ljning varor utanf”r EU"
#KONTO 3106 "F”rs. varor annat EU-land, momsplikt"
#KONTO 3108 "F”rs„ljning varor till annat EU-land, mo"
#KONTO 3305 "F”rs„ljning tj„nster till land utanf”r E"
#KONTO 3308 "F”rs„ljning tj„nster till annat EU-land"
#KONTO 3500 "Fakturerade kostnader"
#KONTO 3520 "Fakturerade frakter"
#KONTO 3690 "™vriga sidoint„kter"
#KONTO 3740 "™resutj„mning"
#KONTO 3910 "Hyres- och arrendeint„kter"
#KONTO 3911 "Hyresint„kter"
#KONTO 3960 "Valutakursvinster"
#KONTO 3973 "Vinst vid avyttring av maskiner och inv"
#KONTO 3981 "Erh†llna EU-bidrag"
#KONTO 3985 "Erh†llna statliga bidrag"
#KONTO 3987 "Erh†llna kommunala bidrag"
#KONTO 3989 "™vriga erh†llna bidrag"
#KONTO 3990 "™vriga ers„ttningar och int„kter"
#KONTO 4010 "Ink”p materiel och varor"
#KONTO 4515 "Ink”p av varor fr†n annat EU-land, 25 %"
#KONTO 4517 "Ink”p av varor fr†n annat EU-land, 6 %"
#KONTO 4531 "Ink”p av tj„nst fr†n ett land utanf”r EU"
#KONTO 4535 "Ink”p av tj„nst annat EU-land, 25%"
#KONTO 4545 "Import av varor utanf”r EU, 25 %"
#KONTO 4599 "Justering, omv„nd moms"
#KONTO 4600 "Legoarbeten och underentreprenader"
#KONTO 4611 "Legoarbeten och underentreprenader"
#KONTO 5010 "Lokalhyra"
#KONTO 5020 "El hyrd lokal"
#KONTO 5050 "Lokaltillbeh”r hyrd lokal"
#KONTO 5060 "St„dning och renh†llning"
#KONTO 5070 "Reparationer hyrd lokal"
#KONTO 5090 "™vr kostnader hyrd lokal"
#KONTO 5210 "Hyra av maskiner"
#KONTO 5220 "Hyra av inventarier och verktyg"
#KONTO 5410 "F”rbrukningsinventarier"
#KONTO 5420 "Dataprogram"
#KONTO 5440 "F”rbrukningsemballage"
#KONTO 5460 "F”rbrukningsmaterial"
#KONTO 5480 "Arbetskl„der o skyddsmtrl"
#KONTO 5520 "Reparation och underh†ll av inventarier"
#KONTO 5580 "Underh†ll och tv„tt av arbetskl„der"
#KONTO 5611 "Drivmedel f”r personbilar"
#KONTO 5612 "F”rs„kring och skatt f”r personbilar"
#KONTO 5613 "Reparation och underh†ll av personbilar"
#KONTO 5615 "Leasing av personbilar"
#KONTO 5616 "Tr„ngselskatt, avdragsgill"
#KONTO 5619 "™vriga personbilskostnader"
#KONTO 5620 "Lastbilskostnader"
#KONTO 5710 "Frakt och transport"
#KONTO 5720 "Tull- och speditionskost"
#KONTO 5800 "Resekostnader"
#KONTO 5810 "Biljetter"
#KONTO 5820 "Hyrbilskostnader"
#KONTO 5830 "Kost och logi"
#KONTO 5890 "™vriga resekostnader"
#KONTO 5910 "Annonsering"
#KONTO 5915 "Hemsidor"
#KONTO 5920 "Utomhus- och trafikreklam"
#KONTO 5930 "Reklamtrycksaker"
#KONTO 5940 "Utst„llning och m„ssor"
#KONTO 5960 "Varuprover, reklamg†vor, presentreklam"
#KONTO 5990 "™vrig reklam & Marknadsf”ring"
#KONTO 6010 "Kataloger, prislistor m m"
#KONTO 6050 "F”rs„ljningsprovisioner"
#KONTO 6060 "Kreditf”rs„ljningskostnader"
#KONTO 6071 "Repr avdr.gill"
#KONTO 6072 "Repr ej avdr.gill"
#KONTO 6090 "™vriga f”rs„ljningskostnader"
#KONTO 6110 "Kontorsmaterial"
#KONTO 6150 "Trycksaker"
#KONTO 6210 "Telekommunikation"
#KONTO 6211 "Telefon"
#KONTO 6212 "Mobiltelefon"
#KONTO 6230 "Datakommunikation"
#KONTO 6250 "Porto"
#KONTO 6310 "F”retagsf”rs„kringar"
#KONTO 6350 "F”rluster p† kundfordringar"
#KONTO 6360 "Garantikostnader"
#KONTO 6370 "Kostnader f”r bevakning och larm"
#KONTO 6420 "Ers„ttningar till revisor"
#KONTO 6530 "Redovisningstj„nster"
#KONTO 6540 "ADB-tj„nster"
#KONTO 6550 "Konsultarvoden"
#KONTO 6560 "Serviceavgifter till branschorganisation"
#KONTO 6570 "Bankkostnader"
#KONTO 6590 "™vr fr„mmande tj„nster"
#KONTO 6905 "Utblidning (skattefri)"
#KONTO 6970 "Tidningar, facklitteratur, cd"
#KONTO 6981 "F”reningsavgifter, avdragsgilla"
#KONTO 6982 "F”reningsavgifter, ej avdragsgilla"
#KONTO 6991 "™vr avdr gill kostn"
#KONTO 6992 "™vriga externa kostnader, ej avdr.gilla"
#KONTO 6993 "L„mnade bidrag och g†vor"
#KONTO 7010 "L”ner till kollektivanst„llda"
#KONTO 7090 "F”r„ndring av semesterl”neskuld"
#KONTO 7210 "L”ner till tj„nstem„n"
#KONTO 7220 "L”ner till f”retagsledare"
#KONTO 7310 "Kontanta extraers„ttningar"
#KONTO 7321 "Skattefria traktamenten, Sverige"
#KONTO 7322 "Skattepliktiga traktamenten, Sverige"
#KONTO 7323 "Skattefria trakt utland"
#KONTO 7324 "Skattepliktiga traktamenten, utlandet"
#KONTO 7331 "Skattefri bilers„ttning"
#KONTO 7332 "Bilers„ttningar, skattepliktiga"
#KONTO 7370 "Representationsers„ttningar"
#KONTO 7380 "Kostnader f”r f”rm†ner till anst„llda"
#KONTO 7390 "™vriga kostnadsers„ttningar och f”rm†ner"
#KONTO 7410 "Pensionsf”rs„kringspremier"
#KONTO 7460 "Pensionsutbetalningar"
#KONTO 7510 "Lagstadgade sociala avgifter"
#KONTO 7519 "Soc avg f”r semester- och l”neskuld"
#KONTO 7530 "S„rskild l”neskatt"
#KONTO 7570 "Premier f”r arbetsmarknadsf”rs„kringar"
#KONTO 7580 "Grupplivf”rs„kringspremier"
#KONTO 7590 "™vr soc och andra avg enligt lag o avtal"
#KONTO 7610 "Utbildning"
#KONTO 7620 "Sjuk- och h„lsov†rd"
#KONTO 7631 "Personalrepresentation, avdragsgill"
#KONTO 7632 "Personalrepresentation, ej avdragsgill"
#KONTO 7690 "™vriga personalkostnader"
#KONTO 7810 "Avskrivningar p„ immateriella anl.tillg"
#KONTO 7820 "Avskrivningar p† byggnader och markanl"
#KONTO 7830 "Avskrivningar p† maskiner och inv"
#KONTO 7960 "Valutakursf”rluster"
#KONTO 7973 "F”rlust vid avyttring av mask o invent"
#KONTO 8310 "R„nteint„kter fr†n oms„ttningstillg†ngar"
#KONTO 8311 "R„nteint„kter fr†n bank"
#KONTO 8314 "R„nteint„kter skattekonto"
#KONTO 8390 "™vriga finansiella int„kter"
#KONTO 8400 "R„ntekostnader"
#KONTO 8410 "R„ntekostnader f”r l†ngfristiga skulder"
#KONTO 8421 "R„ntekostnader till kreditinstitut"
#KONTO 8422 "R„ntekostnader levskulder"
#KONTO 8423 "Kostnadsr„ntor f”r skatter och avgifter"
#KONTO 8490 "™vriga skuldrelaterade poster"
#KONTO 8710 "Extraordin„ra int„kter"
#KONTO 8750 "Extraordin„ra kostnader"
#KONTO 8811 "Avs„ttning till periodiseringsfond"
#KONTO 8819 "Źterf”ring fr†n periodiseringsfond"
#KONTO 8850 "F”r„ndring av ”veravskrivningar"
#KONTO 8910 "Skatt p† †rets beskattningsbara resultat"
#KONTO 8999 "Redovisat resultat"
#SRU 1070 7201
#SRU 1079 7201
#SRU 1110 7214
#SRU 1119 7214
#SRU 1220 7215
#SRU 1229 7215
#SRU 1240 7215
#SRU 1249 7215
#SRU 1350 7237
#SRU 1380 7237
#SRU 1383 7237
#SRU 1410 7247
#SRU 1470 7245
#SRU 1510 7253
#SRU 1610 7264
#SRU 1630 7264
#SRU 1650 7264
#SRU 1680 7264
#SRU 1710 7263
#SRU 1720 7263
#SRU 1730 7263
#SRU 1740 7263
#SRU 1760 7263
#SRU 1790 7263
#SRU 1900 7281
#SRU 1910 7281
#SRU 1920 7281
#SRU 1921 7281
#SRU 1925 7281
#SRU 1930 7281
#SRU 1940 7281
#SRU 2010 7310
#SRU 2011 7311
#SRU 2013 7311
#SRU 2014 7311
#SRU 2015 7311
#SRU 2016 7310
#SRU 2017 7311
#SRU 2018 7311
#SRU 2019 7312
#SRU 2150 7322
#SRU 2330 7355
#SRU 2340 7355
#SRU 2350 7355
#SRU 2355 7355
#SRU 2390 7355
#SRU 2420 7362
#SRU 2440 7365
#SRU 2490 7371
#SRU 2610 7371
#SRU 2611 7371
#SRU 2614 7371
#SRU 2615 7371
#SRU 2620 7371
#SRU 2630 7371
#SRU 2631 7371
#SRU 2634 7371
#SRU 2640 7371
#SRU 2641 7371
#SRU 2644 7371
#SRU 2645 7371
#SRU 2650 7371
#SRU 2660 7371
#SRU 2710 7371
#SRU 2730 7371
#SRU 2760 7371
#SRU 2794 7371
#SRU 2810 7371
#SRU 2820 7371
#SRU 2840 7371
#SRU 2890 7371
#SRU 2910 7370
#SRU 2920 7370
#SRU 2941 7370
#SRU 2942 7370
#SRU 2960 7370
#SRU 2980 7370
#SRU 2990 7370
#SRU 2999 7370
#SRU 3010 7410
#SRU 3041 7410
#SRU 3043 7410
#SRU 3051 7410
#SRU 3053 7410
#SRU 3105 7410
#SRU 3106 7410
#SRU 3108 7410
#SRU 3305 7410
#SRU 3308 7410
#SRU 3500 7410
#SRU 3520 7410
#SRU 3690 7410
#SRU 3740 7410
#SRU 3910 7413
#SRU 3911 7413
#SRU 3960 7413
#SRU 3973 7413
#SRU 3981 7413
#SRU 3985 7413
#SRU 3987 7413
#SRU 3989 7413
#SRU 3990 7413
#SRU 4010 7511
#SRU 4515 7511
#SRU 4517 7511
#SRU 4531 7511
#SRU 4535 7511
#SRU 4545 7511
#SRU 4599 7511
#SRU 4600 7511
#SRU 4611 7511
#SRU 5010 7513
#SRU 5020 7513
#SRU 5050 7513
#SRU 5060 7513
#SRU 5070 7513
#SRU 5090 7513
#SRU 5210 7513
#SRU 5220 7513
#SRU 5410 7513
#SRU 5420 7513
#SRU 5440 7513
#SRU 5460 7513
#SRU 5480 7513
#SRU 5520 7513
#SRU 5580 7513
#SRU 5611 7513
#SRU 5612 7513
#SRU 5613 7513
#SRU 5615 7513
#SRU 5616 7513
#SRU 5619 7513
#SRU 5620 7513
#SRU 5710 7513
#SRU 5720 7513
#SRU 5800 7513
#SRU 5810 7513
#SRU 5820 7513
#SRU 5830 7513
#SRU 5890 7513
#SRU 5910 7513
#SRU 5915 7513
#SRU 5920 7513
#SRU 5930 7513
#SRU 5940 7513
#SRU 5960 7513
#SRU 5990 7513
#SRU 6010 7513
#SRU 6050 7513
#SRU 6060 7513
#SRU 6071 7513
#SRU 6072 7513
#SRU 6072 7653
#SRU 6090 7513
#SRU 6110 7513
#SRU 6150 7513
#SRU 6210 7513
#SRU 6211 7513
#SRU 6212 7513
#SRU 6230 7513
#SRU 6250 7513
#SRU 6310 7513
#SRU 6350 7513
#SRU 6360 7513
#SRU 6370 7513
#SRU 6420 7513
#SRU 6530 7513
#SRU 6540 7513
#SRU 6550 7513
#SRU 6560 7513
#SRU 6570 7513
#SRU 6590 7513
#SRU 6905 7513
#SRU 6970 7513
#SRU 6981 7513
#SRU 6982 7513
#SRU 6991 7513
#SRU 6992 7513
#SRU 6992 7653
#SRU 6993 7513
#SRU 7010 7514
#SRU 7090 7514
#SRU 7210 7514
#SRU 7220 7514
#SRU 7310 7514
#SRU 7321 7514
#SRU 7322 7514
#SRU 7323 7514
#SRU 7324 7514
#SRU 7331 7514
#SRU 7332 7514
#SRU 7370 7514
#SRU 7380 7514
#SRU 7390 7514
#SRU 7410 7514
#SRU 7460 7514
#SRU 7510 7514
#SRU 7519 7514
#SRU 7530 7514
#SRU 7570 7514
#SRU 7580 7514
#SRU 7590 7514
#SRU 7610 7514
#SRU 7620 7514
#SRU 7631 7514
#SRU 7632 7514
#SRU 7632 7653
#SRU 7690 7514
#SRU 7810 7515
#SRU 7820 7515
#SRU 7830 7515
#SRU 7960 7535
#SRU 7973 7535
#SRU 8310 7417
#SRU 8311 7417
#SRU 8314 7417
#SRU 8390 7417
#SRU 8400 7522
#SRU 8410 7522
#SRU 8421 7522
#SRU 8422 7522
#SRU 8423 7522
#SRU 8490 7522
#SRU 8710 7522
#SRU 8750 7522
#SRU 8811 7427
#SRU 8819 7427
#SRU 8850 7427
#SRU 8999 7450
#IB 0 1630 1291.00
#IB 0 1910 10.00
#IB 0 1920 290177.23
#IB 0 1925 1020.64
#IB 0 1940 45468.19
#IB 0 2010 -342121.45
#IB 0 2011 26200.39
#IB 0 2650 -22046.00
#IB -1 1630 8104.00
#IB -1 1910 10.00
#IB -1 1920 6505.38
#IB -1 1925 1020.64
#IB -1 1940 113453.44
#IB -1 2010 -127458.10
#IB -1 2011 110677.14
#IB -1 2014 0.50
#IB -1 2650 -112313.00
#UB 0 1630 620.00
#UB 0 1910 10.00
#UB 0 1920 10973.10
#UB 0 1925 1020.64
#UB 0 2010 -226687.16
#UB 0 2011 208740.42
#UB 0 2650 5323.00
#UB -1 1630 1291.00
#UB -1 1910 10.00
#UB -1 1920 290177.23
#UB -1 1925 1020.64
#UB -1 1940 45468.19
#UB -1 2010 -342121.45
#UB -1 2011 26200.39
#UB -1 2650 -22046.00
#RES 0 3043 -4905.66
#RES 0 3305 -446662.45
#RES 0 3740 -1.49
#RES 0 4515 9064.02
#RES 0 4531 45145.91
#RES 0 4535 577.53
#RES 0 4545 4131.79
#RES 0 4599 -58919.25
#RES 0 5420 15139.72
#RES 0 5460 4131.79
#RES 0 5915 4068.00
#RES 0 6110 2224.21
#RES 0 6211 7466.48
#RES 0 6230 6220.80
#RES 0 6540 48630.41
#RES 0 6570 1284.25
#RES 0 6970 355.66
#RES 0 6992 625.00
#RES 0 8311 -627.37
#RES 0 8314 -73.00
#RES 0 8423 119.00
#RES 0 8999 362004.65
#RES -1 3041 -188080.00
#RES -1 3043 -6132.07
#RES -1 3305 -842529.89
#RES -1 3740 -0.91
#RES -1 4515 4167.00
#RES -1 4531 23977.64
#RES -1 4599 -28144.64
#RES -1 5010 4000.00
#RES -1 5090 54119.20
#RES -1 5410 23728.00
#RES -1 5420 10318.00
#RES -1 5710 372.00
#RES -1 5810 450.00
#RES -1 5915 3987.00
#RES -1 6110 1375.00
#RES -1 6211 8230.62
#RES -1 6230 6325.66
#RES -1 6540 23977.64
#RES -1 6570 1282.40
#RES -1 6970 802.00
#RES -1 6991 800.00
#RES -1 8310 -2014.75
#RES -1 8999 898990.10
#VER A 1 20250107 "Verifikation 1" 20260215 "#3 *"
{
#TRANS 1920 {} -9.17 20250107 ""
#TRANS 6540 {} 9.17 20250107 ""
#TRANS 4599 {} -9.17 20250107 ""
#TRANS 4531 {} 9.17 20250107 ""
#TRANS 2614 {} -2.29 20250107 ""
#TRANS 2645 {} 2.29 20250107 ""
}
#VER A 2 20250107 "Verifikation 2" 20260215 "#3 *"
{
#TRANS 1920 {} -950.00 20250107 ""
#TRANS 6570 {} 950.00 20250107 ""
}
#VER A 3 20250107 "Verifikation 3" 20260215 "#3 *"
{
#TRANS 1920 {} 96662.45 20250108 ""
#TRANS 3305 {} -96662.45 20250108 ""
}
#VER A 4 20250107 "Verifikation 4" 20260215 "#3 *"
{
#TRANS 1920 {} -6986.13 20250110 ""
#TRANS 6540 {} 6986.13 20250110 ""
#TRANS 4599 {} -6986.13 20250110 ""
#TRANS 4531 {} 6986.13 20250110 ""
#TRANS 2614 {} -1746.53 20250110 ""
#TRANS 2645 {} 1746.53 20250110 ""
}
#VER A 5 20250107 "Verifikation 5" 20260215 "#3 *"
{
#TRANS 2018 {} -230.35 20250107 ""
#TRANS 6540 {} 230.35 20250107 ""
}
#VER A 6 20250107 "Verifikation 6" 20260215 "#3 *"
{
#TRANS 2017 {} -131.25 20250107 ""
#TRANS 2641 {} 26.25 20250107 ""
#TRANS 5420 {} 105.00 20250107 ""
}
#VER A 7 20250107 "Verifikation 7" 20260215 "#3 *"
{
#TRANS 2017 {} -3306.27 20250107 ""
#TRANS 6540 {} 3306.27 20250107 ""
#TRANS 4599 {} -3306.27 20250107 ""
#TRANS 4531 {} 3306.27 20250107 ""
#TRANS 2614 {} -826.57 20250107 ""
#TRANS 2645 {} 826.57 20250107 ""
}
#VER A 8 20250120 "Verifikation 8" 20260215 "#3 *"
{
#TRANS 1920 {} -10000.00 20250120 ""
#TRANS 2014 {} 10000.00 20250120 ""
#TRANS 1920 {} -10000.00 20250120 ""
#TRANS 2013 {} 10000.00 20250120 ""
#TRANS 1920 {} -10000.00 20250120 ""
#TRANS 2014 {} 10000.00 20250120 ""
#TRANS 1920 {} -14000.00 20250120 ""
#TRANS 2013 {} 14000.00 20250120 ""
#TRANS 1920 {} -16000.00 20250120 ""
#TRANS 2014 {} 16000.00 20250120 ""
}
#VER A 9 20250126 "Verifikation 9" 20260215 "#3 *"
{
#TRANS 2017 {} -220.00 20250126 ""
#TRANS 6540 {} 220.00 20250126 ""
#TRANS 4599 {} -220.00 20250126 ""
#TRANS 4535 {} 220.00 20250126 ""
#TRANS 2614 {} -55.00 20250126 ""
#TRANS 2645 {} 55.00 20250126 ""
}
#VER A 10 20250127 "Verifikation 10" 20260215 "#3 *"
{
#TRANS 2018 {} -1296.00 20250127 ""
#TRANS 2641 {} 205.00 20250127 ""
#TRANS 6230 {} 518.40 20250127 ""
#TRANS 6211 {} 572.60 20250127 ""
}
#VER A 11 20250203 "Verifikation 11" 20260215 "#3 *"
{
#TRANS 1920 {} 50000.00 20250203 ""
#TRANS 3305 {} -50000.00 20250203 ""
}
#VER A 12 20250203 "Verifikation 12" 20260215 "#3 *"
{
#TRANS 1920 {} -10.08 20250203 ""
#TRANS 6540 {} 10.08 20250203 ""
#TRANS 4599 {} -10.08 20250203 ""
#TRANS 4531 {} 10.08 20250203 ""
#TRANS 2614 {} -2.52 20250203 ""
#TRANS 2645 {} 2.52 20250203 ""
}
#VER A 13 20250204 "Verifikation 13" 20260215 "#3 *"
{
#TRANS 2018 {} -279.62 20250204 ""
#TRANS 6540 {} 279.62 20250204 ""
}
#VER A 14 20250204 "Verifikation 14" 20260215 "#3 *"
{
#TRANS 1920 {} -10000.00 20250204 ""
#TRANS 2013 {} 10000.00 20250204 ""
#TRANS 1920 {} -10000.00 20250204 ""
#TRANS 2014 {} 10000.00 20250204 ""
}
#VER A 15 20250204 "Verifikation 15" 20260215 "#3 *"
{
#TRANS 1920 {} -377.00 20250204 ""
#TRANS 6970 {} 355.66 20250204 ""
#TRANS 2641 {} 21.34 20250204 ""
}
#VER A 16 20250204 "Verifikation 16" 20260215 "#3 *"
{
#TRANS 1920 {} -4880.00 20250204 ""
#TRANS 2013 {} 2440.00 20250204 ""
#TRANS 2014 {} 2440.00 20250204 ""
}
#VER A 17 20250204 "Verifikation 17" 20260215 "#3 *"
{
#TRANS 1920 {} -90396.00 20250204 ""
#TRANS 2013 {} 90396.00 20250204 ""
}
#VER A 18 20250204 "Verifikation 18" 20260215 "#3 *"
{
#TRANS 1920 {} -101016.00 20250204 ""
#TRANS 2014 {} 101016.00 20250204 ""
}
#VER A 19 20250205 "Verifikation 19" 20260215 "#3 *"
{
#TRANS 2017 {} -131.25 20250205 ""
#TRANS 2641 {} 26.25 20250205 ""
#TRANS 5420 {} 105.00 20250205 ""
}
#VER A 20 20250205 "Verifikation 20" 20260215 "#3 *"
{
#TRANS 2017 {} -1506.86 20250205 ""
#TRANS 5460 {} 1506.86 20250205 ""
#TRANS 4599 {} -1506.86 20250205 ""
#TRANS 4545 {} 1506.86 20250205 ""
#TRANS 2615 {} -376.72 20250205 ""
#TRANS 2645 {} 376.72 20250205 ""
}
#VER A 21 20250211 "Verifikation 21" 20260215 "#3 *"
{
#TRANS 1920 {} 200.00 20250211 ""
#TRANS 3043 {} -188.68 20250211 ""
#TRANS 2631 {} -11.32 20250211 ""
}
#VER A 22 20250214 "Verifikation 22" 20260215 "#3 *"
{
#TRANS 1920 {} -6884.11 20250214 ""
#TRANS 6540 {} 6884.11 20250214 ""
#TRANS 4599 {} -6884.11 20250214 ""
#TRANS 4531 {} 6884.11 20250214 ""
#TRANS 2614 {} -1721.03 20250214 ""
#TRANS 2645 {} 1721.03 20250214 ""
}
#VER A 23 20250217 "Verifikation 23" 20260215 "#3 *"
{
#TRANS 2018 {} -1158.75 20250217 ""
#TRANS 2641 {} 231.75 20250217 ""
#TRANS 5915 {} 927.00 20250217 ""
}
#VER A 24 20250221 "Verifikation 24" 20260215 "#3 *"
{
#TRANS 1920 {} -10000.00 20250221 ""
#TRANS 2014 {} 10000.00 20250221 ""
}
#VER A 25 20250221 "Verifikation 25" 20260215 "#3 *"
{
#TRANS 1920 {} -10000.00 20250221 ""
#TRANS 2013 {} 10000.00 20250221 ""
}
#VER A 26 20250221 "Verifikation 26" 20260215 "#3 *"
{
#TRANS 1920 {} -1100.00 20250221 ""
#TRANS 2014 {} 1100.00 20250221 ""
#TRANS 1920 {} -2361.00 20250221 ""
#TRANS 2013 {} 2361.00 20250221 ""
#TRANS 1920 {} -50000.00 20250221 ""
#TRANS 1940 {} 50000.00 20250221 ""
}
#VER A 27 20250221 "Verifikation 27" 20260215 "#3 *"
{
#TRANS 2017 {} -220.00 20250221 ""
#TRANS 6540 {} 220.00 20250221 ""
#TRANS 4535 {} 220.00 20250221 ""
#TRANS 4599 {} -220.00 20250221 ""
#TRANS 2614 {} -55.00 20250221 ""
#TRANS 2645 {} 55.00 20250221 ""
}
#VER A 28 20250226 "Verifikation 28" 20260215 "#3 *"
{
#TRANS 2018 {} -1296.00 20250226 ""
#TRANS 2641 {} 205.00 20250226 ""
#TRANS 6230 {} 518.40 20250226 ""
#TRANS 6211 {} 572.60 20250226 ""
}
#VER A 29 20250304 "Verifikation 29" 20260216 "#3 *"
{
#TRANS 1920 {} -13.00 20250304 ""
#TRANS 6540 {} 13.00 20250304 ""
#TRANS 4599 {} -13.00 20250304 ""
#TRANS 4531 {} 13.00 20250304 ""
#TRANS 2614 {} -3.25 20250304 ""
#TRANS 2645 {} 3.25 20250304 ""
}
#VER A 30 20250304 "Verifikation 30" 20260216 "#3 *"
{
#TRANS 1920 {} 50000.00 20250304 ""
#TRANS 3305 {} -50000.00 20250304 ""
}
#VER A 31 20250304 "Verifikation 31" 20260216 "#3 *"
{
#TRANS 2018 {} -244.00 20250304 ""
#TRANS 6540 {} 244.00 20250304 ""
}
#VER A 32 20250305 "Verifikation 32" 20260216 "#3 *"
{
#TRANS 1920 {} -12.95 20250305 ""
#TRANS 6570 {} 12.95 20250305 ""
}
#VER A 33 20250305 "Verifikation 33" 20260216 "#3 *"
{
#TRANS 2017 {} -131.25 20250305 ""
#TRANS 2641 {} 26.25 20250305 ""
#TRANS 5420 {} 105.00 20250305 ""
}
#VER A 34 20250307 "Verifikation 34" 20260216 "#3 *"
{
#TRANS 1920 {} -28178.00 20250307 ""
#TRANS 2013 {} 14089.00 20250307 ""
#TRANS 2014 {} 14089.00 20250307 ""
}
#VER A 35 20250310 "Verifikation 35" 20260216 "#3 *"
{
#TRANS 1630 {} 63.00 20250310 "Radtext"
#TRANS 1630 {} 3.00 20250310 "Radtext"
#TRANS 8314 {} -66.00 20250310 ""
#TRANS 1920 {} -22046.00 20250310 ""
#TRANS 1630 {} 22046.00 20250310 ""
#TRANS 1630 {} -22046.00 20250310 ""
#TRANS 2650 {} 22046.00 20250310 ""
}
#VER A 36 20250312 "Verifikation 36" 20260216 "#3 *"
{
#TRANS 1920 {} -6429.11 20250312 ""
#TRANS 6540 {} 6429.11 20250312 ""
#TRANS 4599 {} -6429.11 20250312 ""
#TRANS 4531 {} 6429.11 20250312 ""
#TRANS 2614 {} -1607.28 20250312 ""
#TRANS 2645 {} 1607.28 20250312 ""
}
#VER A 37 20250312 "Verifikation 37" 20260216 "#3 *"
{
#TRANS 1920 {} -10000.00 20250312 ""
#TRANS 2013 {} 10000.00 20250312 ""
}
#VER A 38 20250312 "Verifikation 38" 20260216 "#3 *"
{
#TRANS 1920 {} -10000.00 20250312 ""
#TRANS 2014 {} 10000.00 20250312 ""
}
#VER A 39 20250326 "Verifikation 39" 20260216 "#3 *"
{
#TRANS 2018 {} -1296.00 20250326 ""
#TRANS 2641 {} 205.00 20250326 ""
#TRANS 6230 {} 518.40 20250326 ""
#TRANS 6211 {} 572.60 20250326 ""
}
#VER A 40 20250403 "Verifikation 40" 20260217 "#3 *"
{
#TRANS 1920 {} -5.55 20250403 ""
#TRANS 6570 {} 5.55 20250403 ""
}
#VER A 41 20250404 "Verifikation 41" 20260217 "#3 *"
{
#TRANS 1920 {} -12.83 20250404 ""
#TRANS 6540 {} 12.83 20250404 ""
#TRANS 4599 {} -12.83 20250404 ""
#TRANS 4531 {} 12.83 20250404 ""
#TRANS 2614 {} -3.21 20250404 ""
#TRANS 2645 {} 3.21 20250404 ""
}
#VER A 42 20250404 "Verifikation 42" 20260217 "#3 *"
{
#TRANS 2018 {} -244.00 20250404 ""
#TRANS 6540 {} 244.00 20250404 ""
}
#VER A 43 20250404 "Verifikation 43" 20260217 "#3 *"
{
#TRANS 1920 {} -20000.00 20250404 ""
#TRANS 2013 {} 10000.00 20250404 ""
#TRANS 2014 {} 10000.00 20250404 ""
}
#VER A 44 20250405 "Verifikation 44" 20260217 "#3 *"
{
#TRANS 2017 {} -131.25 20250405 ""
#TRANS 2641 {} 26.25 20250405 ""
#TRANS 5420 {} 105.00 20250405 ""
}
#VER A 45 20250407 "Verifikation 45" 20260217 "#3 *"
{
#TRANS 1920 {} 50000.00 20250407 ""
#TRANS 3305 {} -50000.00 20250407 ""
}
#VER A 46 20250407 "Verifikation 46" 20260217 "#3 *"
{
#TRANS 1920 {} 2000.00 20250407 ""
#TRANS 3043 {} -1886.79 20250407 ""
#TRANS 2631 {} -113.21 20250407 ""
}
#VER A 47 20250407 "Verifikation 47" 20260217 "#3 *"
{
#TRANS 1630 {} -30.00 20250407 ""
#TRANS 8423 {} 30.00 20250407 ""
#TRANS 1630 {} -89.00 20250407 ""
#TRANS 8423 {} 89.00 20250407 ""
#TRANS 1630 {} 1.00 20250407 ""
#TRANS 8314 {} -1.00 20250407 ""
}
#VER A 48 20250407 "Verifikation 48" 20260217 "#3 *"
{
#TRANS 1920 {} -1546.00 20250407 ""
#TRANS 2013 {} 275.00 20250407 ""
#TRANS 2013 {} 75.00 20250407 ""
#TRANS 2013 {} 598.00 20250407 ""
#TRANS 2014 {} 598.00 20250407 ""
}
#VER A 49 20250409 "Verifikation 49" 20260217 "#3 *"
{
#TRANS 1920 {} -6235.50 20250409 ""
#TRANS 6540 {} 6235.50 20250409 ""
#TRANS 4599 {} -6235.50 20250409 ""
#TRANS 4531 {} 6235.50 20250409 ""
#TRANS 2614 {} -1558.88 20250409 ""
#TRANS 2645 {} 1558.88 20250409 ""
}
#VER A 50 20250409 "Verifikation 50" 20260217 "#3 *"
{
#TRANS 1920 {} -4067.69 20250409 ""
#TRANS 5420 {} 4067.69 20250409 ""
#TRANS 4599 {} -4067.99 20250409 ""
#TRANS 4515 {} 4067.99 20250409 ""
#TRANS 2614 {} -1016.92 20250409 ""
#TRANS 2645 {} 1016.92 20250409 ""
}
#VER A 51 20250411 "Verifikation 51" 20260217 "#3 *"
{
#TRANS 1920 {} -5685.00 20250411 ""
#TRANS 2641 {} 1137.00 20250411 ""
#TRANS 5420 {} 4548.00 20250411 ""
}
#VER A 52 20250422 "Verifikation 52" 20260217 "#3 *"
{
#TRANS 1940 {} -90000.00 20250422 ""
#TRANS 1920 {} 90000.00 20250422 ""
}
#VER A 53 20250428 "Verifikation 53" 20260217 "#3 *"
{
#TRANS 2018 {} -1676.00 20250428 ""
#TRANS 2641 {} 209.00 20250428 ""
#TRANS 6230 {} 518.40 20250428 ""
#TRANS 6211 {} 948.60 20250428 ""
}
#VER A 54 20250504 "Verifikation 54" 20260221 "#3 *"
{
#TRANS 2018 {} -241.00 20250504 ""
#TRANS 6540 {} 241.00 20250504 ""
}
#VER A 55 20250505 "Verifikation 55" 20260221 "#3 *"
{
#TRANS 1920 {} -10.09 20250505 ""
#TRANS 6540 {} 10.09 20250505 ""
#TRANS 4599 {} -10.09 20250505 ""
#TRANS 4531 {} 10.09 20250505 ""
#TRANS 2614 {} -2.52 20250505 ""
#TRANS 2645 {} 2.52 20250505 ""
}
#VER A 56 20250505 "Verifikation 56" 20260221 "#3 *"
{
#TRANS 2017 {} -131.25 20250505 ""
#TRANS 2641 {} 26.25 20250505 ""
#TRANS 5420 {} 105.00 20250505 ""
}
#VER A 57 20250506 "Verifikation 57" 20260221 "#3 *"
{
#TRANS 1920 {} -7.40 20250506 ""
#TRANS 6570 {} 7.40 20250506 ""
}
#VER A 58 20250506 "Verifikation 58" 20260221 "#3 *"
{
#TRANS 1630 {} 1.00 20250506 ""
#TRANS 8314 {} -1.00 20250506 ""
#TRANS 1630 {} -625.00 20250506 ""
#TRANS 6992 {} 625.00 20250506 ""
}
#VER A 59 20250509 "Verifikation 59" 20260221 "#3 *"
{
#TRANS 1920 {} -6031.01 20250509 ""
#TRANS 6540 {} 6031.01 20250509 ""
#TRANS 4599 {} -6031.01 20250509 ""
#TRANS 4531 {} 6031.01 20250509 ""
#TRANS 2614 {} -1507.75 20250509 ""
#TRANS 2645 {} 1507.75 20250509 ""
}
#VER A 60 20250513 "Verifikation 60" 20260221 "#3 *"
{
#TRANS 1920 {} 50000.00 20250513 ""
#TRANS 3305 {} -50000.00 20250513 ""
}
#VER A 61 20250519 "Verifikation 61" 20260221 "#3 *"
{
#TRANS 1920 {} -20000.00 20250519 ""
#TRANS 2013 {} 10000.00 20250519 ""
#TRANS 2014 {} 10000.00 20250519 ""
}
#VER A 62 20250519 "Verifikation 62" 20260221 "#3 *"
{
#TRANS 1920 {} -131047.00 20250519 ""
#TRANS 2014 {} 64983.00 20250519 ""
#TRANS 2013 {} 66064.00 20250519 ""
}
#VER A 63 20250519 "Verifikation 63" 20260221 "#3 *"
{
#TRANS 1920 {} -5480.00 20250519 ""
#TRANS 2014 {} 79.00 20250519 ""
#TRANS 2014 {} 2701.00 20250519 ""
#TRANS 2013 {} 2700.00 20250519 ""
}
#VER A 64 20250526 "Verifikation 64" 20260221 "#3 *"
{
#TRANS 2018 {} -1521.00 20250526 ""
#TRANS 2641 {} 209.00 20250526 ""
#TRANS 6230 {} 518.40 20250526 ""
#TRANS 6211 {} 793.60 20250526 ""
}
#VER A 65 20250530 "Verifikation 65" 20260221 "#3 *"
{
#TRANS 1920 {} 3000.00 20250530 ""
#TRANS 3043 {} -2830.19 20250530 ""
#TRANS 2631 {} -169.81 20250530 ""
}
#VER A 66 20250601 "Verifikation 66" 20260221 "#3 *"
{
#TRANS 1630 {} 1.00 20250601 ""
#TRANS 8314 {} -1.00 20250601 ""
}
#VER A 67 20250604 "Verifikation 67" 20260221 "#3 *"
{
#TRANS 1920 {} -6.30 20250604 ""
#TRANS 6540 {} 6.30 20250604 ""
#TRANS 4599 {} -6.30 20250604 ""
#TRANS 4531 {} 6.30 20250604 ""
#TRANS 2614 {} -1.58 20250604 ""
#TRANS 2645 {} 1.58 20250604 ""
}
#VER A 68 20250604 "Verifikation 68" 20260221 "#3 *"
{
#TRANS 1920 {} -11.10 20250604 ""
#TRANS 6570 {} 11.10 20250604 ""
}
#VER A 69 20250604 "Verifikation 69" 20260221 "#3 *"
{
#TRANS 2018 {} -240.00 20250604 ""
#TRANS 6540 {} 240.00 20250604 ""
}
#VER A 70 20250605 "Verifikation 70" 20260221 "#3 *"
{
#TRANS 2017 {} -131.25 20250605 ""
#TRANS 2641 {} 26.25 20250605 ""
#TRANS 5420 {} 105.00 20250605 ""
}
#VER A 71 20250609 "Verifikation 71" 20260221 "#3 *"
{
#TRANS 1920 {} 50000.00 20250609 ""
#TRANS 3305 {} -50000.00 20250609 ""
}
#VER A 72 20250611 "Verifikation 72" 20260221 "#3 *"
{
#TRANS 1920 {} -5181.09 20250611 ""
#TRANS 6540 {} 5181.09 20250611 ""
#TRANS 4599 {} -5181.09 20250611 ""
#TRANS 4531 {} 5181.09 20250611 ""
#TRANS 2614 {} -1295.27 20250611 ""
#TRANS 2645 {} 1295.27 20250611 ""
}
#VER A 73 20250615 "Verifikation 73" 20260221 "#3 *"
{
#TRANS 1920 {} -20000.00 20250615 ""
#TRANS 2013 {} 10000.00 20250615 ""
#TRANS 2014 {} 10000.00 20250615 ""
}
#VER A 74 20250618 "Verifikation 74" 20260221 "#3 *"
{
#TRANS 2017 {} -1315.97 20250618 ""
#TRANS 5460 {} 1315.97 20250618 ""
#TRANS 4599 {} -1315.97 20250618 ""
#TRANS 4545 {} 1315.97 20250618 ""
#TRANS 2615 {} -328.99 20250618 ""
#TRANS 2645 {} 328.99 20250618 ""
}
#VER A 75 20250624 "Verifikation 75" 20260221 "#3 *"
{
#TRANS 1920 {} -10000.00 20250624 ""
#TRANS 2014 {} 10000.00 20250624 ""
}
#VER A 76 20250626 "Verifikation 76" 20260221 "#3 *"
{
#TRANS 2018 {} -1521.00 20250626 ""
#TRANS 2641 {} 209.00 20250626 ""
#TRANS 6230 {} 518.40 20250626 ""
#TRANS 6211 {} 793.60 20250626 ""
}
#VER A 77 20250630 "Verifikation 77" 20260221 "#3 *"
{
#TRANS 1920 {} -2784.00 20250630 ""
#TRANS 2641 {} 559.79 20250630 ""
#TRANS 6110 {} 2224.21 20250630 ""
}
#VER A 78 20250703 "Verifikation 78" 20260222 "#3 *"
{
#TRANS 1920 {} -1.85 20250703 ""
#TRANS 6570 {} 1.85 20250703 ""
}
#VER A 79 20250703 "Verifikation 79" 20260222 "#3 *"
{
#TRANS 2018 {} -1308.75 20250703 ""
#TRANS 2641 {} 261.75 20250703 ""
#TRANS 5915 {} 1047.00 20250703 ""
}
#VER A 80 20250704 "Verifikation 80" 20260222 "#3 *"
{
#TRANS 1920 {} -4.47 20250704 ""
#TRANS 6540 {} 4.47 20250704 ""
#TRANS 4599 {} -4.47 20250704 ""
#TRANS 4531 {} 4.47 20250704 ""
#TRANS 2614 {} -1.12 20250704 ""
#TRANS 2645 {} 1.12 20250704 ""
}
#VER A 81 20250704 "Verifikation 81" 20260222 "#3 *"
{
#TRANS 2018 {} -239.00 20250704 ""
#TRANS 6540 {} 239.00 20250704 ""
}
#VER A 82 20250705 "Verifikation 82" 20260222 "#3 *"
{
#TRANS 1630 {} 1.00 20250705 ""
#TRANS 8314 {} -1.00 20250705 ""
}
#VER A 83 20250705 "Verifikation 83" 20260222 "#3 *"
{
#TRANS 2017 {} -131.25 20250705 ""
#TRANS 2641 {} 26.25 20250705 ""
#TRANS 5420 {} 105.00 20250705 ""
}
#VER A 84 20250707 "Verifikation 84" 20260222 "#3 *"
{
#TRANS 1920 {} 50000.00 20250707 ""
#TRANS 3305 {} -50000.00 20250707 ""
}
#VER A 85 20250711 "Verifikation 85" 20260222 "#3 *"
{
#TRANS 1920 {} -1826.37 20250711 ""
#TRANS 6540 {} 1826.37 20250711 ""
#TRANS 4599 {} -1826.37 20250711 ""
#TRANS 4531 {} 1826.37 20250711 ""
#TRANS 2614 {} -456.59 20250711 ""
#TRANS 2645 {} 456.59 20250711 ""
}
#VER A 86 20250711 "Verifikation 86" 20260222 "#3 *"
{
#TRANS 1920 {} -10000.00 20250711 ""
#TRANS 2013 {} 10000.00 20250711 ""
}
#VER A 87 20250711 "Verifikation 87" 20260222 "#3 *"
{
#TRANS 1920 {} -10000.00 20250711 ""
#TRANS 2014 {} 10000.00 20250711 ""
}
#VER A 88 20250714 "Verifikation 88" 20260222 "#3 *"
{
#TRANS 1920 {} -7589.00 20250714 ""
#TRANS 2013 {} 7589.00 20250714 ""
}
#VER A 89 20250714 "Verifikation 89" 20260222 "#3 *"
{
#TRANS 1920 {} -8896.00 20250714 ""
#TRANS 2013 {} 4448.00 20250714 ""
#TRANS 2014 {} 4448.00 20250714 ""
}
#VER A 90 20250714 "Verifikation 90" 20260222 "#3 *"
{
#TRANS 1920 {} -12737.00 20250714 ""
#TRANS 2013 {} 6268.00 20250714 ""
#TRANS 2014 {} 6469.00 20250714 ""
}
#VER A 91 20250728 "Verifikation 91" 20260222 "#3 *"
{
#TRANS 1920 {} -137.53 20250728 ""
#TRANS 6540 {} 137.53 20250728 ""
#TRANS 4599 {} -137.53 20250728 ""
#TRANS 4535 {} 137.53 20250728 ""
#TRANS 2614 {} -34.38 20250728 ""
#TRANS 2645 {} 34.38 20250728 ""
}
#VER A 92 20250728 "Verifikation 92" 20260222 "#3 *"
{
#TRANS 1920 {} -2092.00 20250728 ""
#TRANS 2013 {} 1046.00 20250728 ""
#TRANS 2014 {} 1046.00 20250728 ""
}
#VER A 93 20250728 "Verifikation 93" 20260222 "#3 *"
{
#TRANS 1920 {} -6068.00 20250728 ""
#TRANS 2013 {} 3034.00 20250728 ""
#TRANS 2014 {} 3034.00 20250728 ""
}
#VER A 94 20250728 "Verifikation 94" 20260222 "#3 *"
{
#TRANS 2018 {} -1258.00 20250728 ""
#TRANS 2641 {} 210.56 20250728 ""
#TRANS 6230 {} 518.40 20250728 ""
#TRANS 6211 {} 529.04 20250728 ""
}
#VER A 95 20250803 "Verifikation 95" 20260222 "#3 *"
{
#TRANS 1920 {} -10000.00 20250803 ""
#TRANS 2014 {} 10000.00 20250803 ""
}
#VER A 96 20250803 "Verifikation 96" 20260222 "#3 *"
{
#TRANS 1920 {} -10000.00 20250803 ""
#TRANS 2013 {} 10000.00 20250803 ""
}
#VER A 97 20250804 "Verifikation 97" 20260222 "#3 *"
{
#TRANS 2018 {} -241.00 20250804 ""
#TRANS 6540 {} 241.00 20250804 ""
}
#VER A 98 20250805 "Verifikation 98" 20260222 "#3 *"
{
#TRANS 1920 {} -5.55 20250805 ""
#TRANS 6570 {} 5.55 20250805 ""
}
#VER A 99 20250805 "Verifikation 99" 20260222 "#3 *"
{
#TRANS 2017 {} -131.25 20250805 ""
#TRANS 2641 {} 26.25 20250805 ""
#TRANS 5420 {} 105.00 20250805 ""
}
#VER A 100 20250808 "Verifikation 100" 20260222 "#3 *"
{
#TRANS 1920 {} 50000.00 20250808 ""
#TRANS 3305 {} -50000.00 20250808 ""
}
#VER A 101 20250811 "Verifikation 101" 20260222 "#3 *"
{
#TRANS 1920 {} -742.44 20250811 ""
#TRANS 6540 {} 742.44 20250811 ""
#TRANS 4599 {} -742.44 20250811 ""
#TRANS 4531 {} 742.44 20250811 ""
#TRANS 2614 {} -185.61 20250811 ""
#TRANS 2645 {} 185.61 20250811 ""
}
#VER A 102 20250814 "Verifikation 102" 20260222 "#3 *"
{
#TRANS 1920 {} -5000.00 20250814 ""
#TRANS 2013 {} 5000.00 20250814 ""
}
#VER A 103 20250814 "Verifikation 103" 20260222 "#3 *"
{
#TRANS 1920 {} -5000.00 20250814 ""
#TRANS 2014 {} 5000.00 20250814 ""
}
#VER A 104 20250817 "Verifikation 104" 20260222 "#3 *"
{
#TRANS 1920 {} -5000.00 20250817 ""
#TRANS 2014 {} 5000.00 20250817 ""
}
#VER A 105 20250818 "Verifikation 105" 20260222 "#3 *"
{
#TRANS 1920 {} -4996.03 20250818 ""
#TRANS 5420 {} 4996.03 20250818 ""
#TRANS 4599 {} -4996.03 20250818 ""
#TRANS 4515 {} 4996.03 20250818 ""
#TRANS 2614 {} -1249.01 20250818 ""
#TRANS 2645 {} 1249.01 20250818 ""
}
#VER A 106 20250822 "Verifikation 106" 20260222 "#3 *"
{
#TRANS 1920 {} -5000.00 20250822 ""
#TRANS 2014 {} 5000.00 20250822 ""
}
#VER A 107 20250825 "Verifikation 107" 20260222 "#3 *"
{
#TRANS 2017 {} -1308.96 20250825 ""
#TRANS 5460 {} 1308.96 20250825 ""
#TRANS 4599 {} -1308.96 20250825 ""
#TRANS 4545 {} 1308.96 20250825 ""
#TRANS 2615 {} -327.24 20250825 ""
#TRANS 2645 {} 327.24 20250825 ""
}
#VER A 108 20250826 "Verifikation 108" 20260222 "#3 *"
{
#TRANS 2018 {} -1254.00 20250826 ""
#TRANS 2641 {} 209.64 20250826 ""
#TRANS 6230 {} 518.40 20250826 ""
#TRANS 6211 {} 525.96 20250826 ""
}
#VER A 109 20250904 "Verifikation 109" 20260222 "#3 *"
{
#TRANS 2018 {} -241.00 20250904 ""
#TRANS 6540 {} 241.00 20250904 ""
}
#VER A 110 20250905 "Verifikation 110" 20260222 "#3 *"
{
#TRANS 2017 {} -215.00 20250905 ""
#TRANS 2641 {} 43.00 20250905 ""
#TRANS 5420 {} 172.00 20250905 ""
}
#VER A 111 20250906 "Verifikation 111" 20260222 "#3 *"
{
#TRANS 1630 {} 1.00 20250906 ""
#TRANS 8314 {} -1.00 20250906 ""
}
#VER A 112 20250910 "Verifikation 112" 20260222 "#3 *"
{
#TRANS 1920 {} -727.34 20250910 ""
#TRANS 6540 {} 727.34 20250910 ""
#TRANS 4599 {} -727.34 20250910 ""
#TRANS 4531 {} 727.34 20250910 ""
#TRANS 2614 {} -181.84 20250910 ""
#TRANS 2645 {} 181.84 20250910 ""
}
#VER A 113 20250914 "Verifikation 113" 20260222 "#3 *"
{
#TRANS 1920 {} -5000.00 20250914 ""
#TRANS 2013 {} 5000.00 20250914 ""
}
#VER A 114 20250926 "Verifikation 114" 20260222 "#3 *"
{
#TRANS 2018 {} -1251.00 20250926 ""
#TRANS 2641 {} 209.00 20250926 ""
#TRANS 6230 {} 518.40 20250926 ""
#TRANS 6211 {} 523.60 20250926 ""
}
#VER A 115 20251001 "Verifikation 115" 20260222 "#3 *"
{
#TRANS 1920 {} -288.00 20251001 ""
#TRANS 6570 {} 288.00 20251001 ""
}
#VER A 116 20251004 "Verifikation 116" 20260222 "#3 *"
{
#TRANS 1630 {} 1.00 20251004 ""
#TRANS 8314 {} -1.00 20251004 ""
}
#VER A 117 20251004 "Verifikation 117" 20260222 "#3 *"
{
#TRANS 2018 {} -235.00 20251004 ""
#TRANS 6540 {} 235.00 20251004 ""
}
#VER A 118 20251005 "Verifikation 118" 20260222 "#3 *"
{
#TRANS 2017 {} -215.00 20251005 ""
#TRANS 2641 {} 43.00 20251005 ""
#TRANS 5420 {} 172.00 20251005 ""
}
#VER A 119 20251009 "Verifikation 119" 20260222 "#3 *"
{
#TRANS 1920 {} -470.60 20251009 ""
#TRANS 6540 {} 470.60 20251009 ""
#TRANS 4599 {} -470.60 20251009 ""
#TRANS 4531 {} 470.60 20251009 ""
#TRANS 2614 {} -117.65 20251009 ""
#TRANS 2645 {} 117.65 20251009 ""
}
#VER A 120 20251009 "Verifikation 120" 20260222 "#3 *"
{
#TRANS 1920 {} -3000.00 20251009 ""
#TRANS 2014 {} 3000.00 20251009 ""
}
#VER A 121 20251009 "Verifikation 121" 20260222 "#3 *"
{
#TRANS 1920 {} -3000.00 20251009 ""
#TRANS 2013 {} 3000.00 20251009 ""
}
#VER A 122 20251017 "Verifikation 122" 20260222 "#3 *"
{
#TRANS 1920 {} -2000.00 20251017 ""
#TRANS 2013 {} 2000.00 20251017 ""
}
#VER A 123 20251017 "Verifikation 123" 20260222 "#3 *"
{
#TRANS 1920 {} -2000.00 20251017 ""
#TRANS 2014 {} 2000.00 20251017 ""
}
#VER A 124 20251020 "Verifikation 124" 20260222 "#3 *"
{
#TRANS 1920 {} -2000.00 20251020 ""
#TRANS 2014 {} 2000.00 20251020 ""
}
#VER A 125 20251020 "Verifikation 125" 20260222 "#3 *"
{
#TRANS 1920 {} -2000.00 20251020 ""
#TRANS 2013 {} 2000.00 20251020 ""
}
#VER A 126 20251020 "Verifikation 126" 20260222 "#3 *"
{
#TRANS 2018 {} -1308.75 20251020 ""
#TRANS 2641 {} 261.75 20251020 ""
#TRANS 5915 {} 1047.00 20251020 ""
}
#VER A 127 20251027 "Verifikation 127" 20260222 "#3 *"
{
#TRANS 2018 {} -1313.00 20251027 ""
#TRANS 2641 {} 209.00 20251027 ""
#TRANS 6230 {} 518.40 20251027 ""
#TRANS 6211 {} 585.60 20251027 ""
}
#VER A 128 20251030 "Verifikation 128" 20260222 "#3 *"
{
#TRANS 1940 {} 627.37 20251030 ""
#TRANS 8311 {} -627.37 20251030 ""
#TRANS 1940 {} -6095.56 20251030 ""
#TRANS 1920 {} 6095.56 20251030 ""
}
#VER A 129 20251103 "Verifikation 129" 20260222 "#3 *"
{
#TRANS 1920 {} -5100.00 20251103 ""
#TRANS 2014 {} 5100.00 20251103 ""
}
#VER A 130 20251104 "Verifikation 130" 20260222 "#3 *"
{
#TRANS 2018 {} -237.00 20251104 ""
#TRANS 6540 {} 237.00 20251104 ""
}
#VER A 131 20251105 "Verifikation 131" 20260222 "#3 *"
{
#TRANS 2017 {} -215.00 20251105 ""
#TRANS 2641 {} 43.00 20251105 ""
#TRANS 5420 {} 172.00 20251105 ""
}
#VER A 132 20251126 "Verifikation 132" 20260222 "#3 *"
{
#TRANS 2018 {} -1251.00 20251126 ""
#TRANS 2641 {} 209.00 20251126 ""
#TRANS 6230 {} 518.40 20251126 ""
#TRANS 6211 {} 523.60 20251126 ""
}
#VER A 133 20251203 "Verifikation 133" 20260222 "#3 *"
{
#TRANS 1920 {} -1.85 20251203 ""
#TRANS 6570 {} 1.85 20251203 ""
}
#VER A 134 20251204 "Verifikation 134" 20260222 "#3 *"
{
#TRANS 2018 {} -235.00 20251204 ""
#TRANS 6540 {} 235.00 20251204 ""
}
#VER A 135 20251205 "Verifikation 135" 20260222 "#3 *"
{
#TRANS 2017 {} -215.00 20251205 ""
#TRANS 2641 {} 43.00 20251205 ""
#TRANS 5420 {} 172.00 20251205 ""
}
#VER A 136 20251206 "Verifikation 136" 20260222 "#3 *"
{
#TRANS 1630 {} 1.00 20251206 ""
#TRANS 8314 {} -1.00 20251206 ""
}
#VER A 137 20251208 "Verifikation 137" 20260222 "#3 *"
{
#TRANS 2018 {} -1308.75 20251208 ""
#TRANS 2641 {} 261.75 20251208 ""
#TRANS 5915 {} 1047.00 20251208 ""
}
#VER A 138 20251216 "Verifikation 138" 20260222 "#3 *"
{
#TRANS 2018 {} -167.00 20251216 ""
#TRANS 6540 {} 167.00 20251216 ""
#TRANS 4599 {} -167.00 20251216 ""
#TRANS 4531 {} 167.00 20251216 ""
#TRANS 2614 {} -41.75 20251216 ""
#TRANS 2645 {} 41.75 20251216 ""
}
#VER A 139 20251217 "Verifikation 139" 20260222 "#3 *"
{
#TRANS 2018 {} -93.00 20251217 ""
#TRANS 6540 {} 93.00 20251217 ""
#TRANS 4599 {} -93.00 20251217 ""
#TRANS 4531 {} 93.00 20251217 ""
#TRANS 2614 {} -23.25 20251217 ""
#TRANS 2645 {} 23.25 20251217 ""
}
#VER A 140 20251218 "Verifikation 140" 20260222 "#3 *"
{
#TRANS 1920 {} -3750.00 20251218 ""
#TRANS 2013 {} 1875.00 20251218 ""
#TRANS 2014 {} 1875.00 20251218 ""
}
#VER A 141 20251219 "Verifikation 141" 20260222 "#3 *"
{
#TRANS 1920 {} -12969.00 20251219 ""
#TRANS 2013 {} 12969.00 20251219 ""
}
#VER A 142 20251223 "Verifikation 142" 20260222 "#3 *"
{
#TRANS 2018 {} -1253.00 20251223 ""
#TRANS 2641 {} 209.52 20251223 ""
#TRANS 6230 {} 518.40 20251223 ""
#TRANS 6211 {} 525.08 20251223 ""
}
#VER A 143 20251231 "Verifikation 143" 20260222 "#3 *"
{
#TRANS 2631 {} 294.34 20251231 "Radtext"
#TRANS 2614 {} 13696.80 20251231 "Radtext"
#TRANS 2645 {} -14729.75 20251231 "Radtext"
#TRANS 2641 {} -5615.85 20251231 "Radtext"
#TRANS 2615 {} 1032.95 20251231 "Radtext"
#TRANS 2650 {} 5323.00 20251231 "Radtext"
#TRANS 3740 {} -1.49 20251231 "Radtext"
}
#VER A 144 20251231 "Verifikation 144" 20260411 "#3 *"
{
#TRANS 8999 {} 362004.65 20251231 ""
#TRANS 2019 {} -362004.65 20251231 ""
#TRANS 2019 {} 362004.65 20251231 ""
#TRANS 2011 {} -150000.00 20251231 ""
#TRANS 2010 {} -212004.65 20251231 ""
}
#VER A 145 20251231 "Verifikation 145" 20260411 "#3 *"
{
#TRANS 2013 {} -337227.00 20251231 ""
#TRANS 2010 {} 337227.00 20251231 ""
#TRANS 2017 {} 9788.06 20251231 ""
#TRANS 2010 {} -9788.06 20251231 ""
#TRANS 2014 {} -356978.00 20251231 ""
#TRANS 2011 {} 356978.00 20251231 ""
#TRANS 2018 {} 24437.97 20251231 ""
#TRANS 2011 {} -24437.97 20251231 ""
}
